<record><leader>00000cas a2200000 i 4500</leader><controlfield tag="001">853127133</controlfield><controlfield tag="008">130718c20139999aruwr n       |   a0eng c</controlfield><datafield ind1=" " ind2=" " tag="010"><subfield code="a">  2013274214</subfield></datafield><datafield ind1=" " ind2=" " tag="040"><subfield code="a">AKD</subfield><subfield code="b">eng</subfield><subfield code="e">rda</subfield><subfield code="c">AKD</subfield><subfield code="d">OCLCO</subfield><subfield code="d">DLC</subfield><subfield code="d">OCLCA</subfield></datafield><datafield ind1=" " ind2=" " tag="012"><subfield code="l">1</subfield></datafield><datafield ind1="0" ind2=" " tag="022"><subfield code="a">2332-4767</subfield><subfield code="2">1</subfield></datafield><datafield ind1=" " ind2=" " tag="037"><subfield code="b">The Little Rock Sun Times, LLC, 2615 West 12th Street, Little Rock, Arkansas 72202</subfield><subfield code="c">$ .50 cents</subfield><subfield code="c">$30.00 (per year)</subfield><subfield code="c">$50.00 (2 years)</subfield></datafield><datafield ind1=" " ind2=" " tag="042"><subfield code="a">msc</subfield><subfield code="a">nsdp</subfield></datafield><datafield ind1="1" ind2="0" tag="050"><subfield code="a">ISSN RECORD</subfield></datafield><datafield ind1="1" ind2="0" tag="082"><subfield code="a">973.0496073</subfield><subfield code="2">23</subfield></datafield><datafield ind1=" " ind2="4" tag="222"><subfield code="a">The Little Rock sun</subfield><subfield code="b">(Print)</subfield></datafield><datafield ind1="0" ind2="4" tag="245"><subfield code="a">The Little Rock sun.</subfield></datafield><datafield ind1="1" ind2=" " tag="246"><subfield code="a">Little Rock sun community newspaper</subfield></datafield><datafield ind1=" " ind2="1" tag="264"><subfield code="a">Little Rock, Arkansas :</subfield><subfield code="b">Little Rock Sun Times LLC,</subfield><subfield code="c">2013-</subfield></datafield><datafield ind1=" " ind2=" " tag="310"><subfield code="a">Weekly.</subfield></datafield><datafield ind1=" " ind2=" " tag="336"><subfield code="a">text</subfield><subfield code="b">txt</subfield><subfield code="2">rdacontent</subfield></datafield><datafield ind1=" " ind2=" " tag="337"><subfield code="a">unmediated</subfield><subfield code="b">n</subfield><subfield code="2">rdamedia</subfield></datafield><datafield ind1=" " ind2=" " tag="338"><subfield code="a">volume</subfield><subfield code="b">nc</subfield><subfield code="2">rdacarrier</subfield></datafield><datafield ind1="1" ind2=" " tag="362"><subfield code="a">Began with: Volume 1, number 1 (June 19, 2013).</subfield></datafield><datafield ind1=" " ind2=" " tag="500"><subfield code="a">Vanguard voice of the community...Truth - integrity - racial justice - public service.</subfield></datafield><datafield ind1=" " ind2=" " tag="500"><subfield code="a">"Dedicated to the memories of Lucious Christopher Bates and Daisy Gatson Bates."</subfield></datafield><datafield ind1=" " ind2=" " tag="588"><subfield code="a">Description based on: Volume 1, number 1 (June 19, 2013); title from caption.</subfield></datafield><datafield ind1=" " ind2=" " tag="588"><subfield code="a">Latest issue consulted: Volume 1, number 4 (August 2-August 9, 2013).</subfield></datafield><datafield ind1=" " ind2="0" tag="650"><subfield code="a">African American newpapers</subfield><subfield code="z">Arkansas</subfield><subfield code="z">Little Rock.</subfield></datafield><datafield ind1=" " ind2="0" tag="650"><subfield code="a">African American newspapers</subfield><subfield code="z">Arkansas</subfield><subfield code="z">North Little Rock.</subfield></datafield><datafield ind1=" " ind2="0" tag="651"><subfield code="a">Arkansas</subfield><subfield code="v">Newspapers.</subfield></datafield><datafield ind1=" " ind2="0" tag="651"><subfield code="a">Little Rock (Ark.)</subfield><subfield code="v">Newspapers.</subfield></datafield><datafield ind1=" " ind2="0" tag="651"><subfield code="a">North Little Rock (Ark.)</subfield><subfield code="v">Newspapers.</subfield></datafield><datafield ind1="0" ind2="8" tag="776"><subfield code="i">Online version:</subfield><subfield code="t">Little Rock sun</subfield><subfield code="x">2332-4775</subfield><subfield code="w">(DLC)  2013274215</subfield><subfield code="w">(OCoLC)864392544</subfield></datafield><datafield ind1="4" ind2="1" tag="856"><subfield code="u">http://www.thelittlerocksun.com</subfield></datafield></record>